@misc{TBT:1,
   author =       {World Health Organization},
   title =        {Tuberculosis Fact sheet},
   editor =       {who.int},
   month =        {September},
   year =         {2018},
   url = {https://www.who.int/en/news-room/fact-sheets/detail/tuberculosis/},
   note =         {[Online; posted 18 September 2018]},
 }
@misc{TBT:2,
   author =       {American Lung Association},
   title =        {Learn About Tuberculosis},
   editor =       {lung.org},
   month =        {December},
   year =         {2018},
   url = {https://www.lung.org/lung-health-and-diseases/lung-disease-lookup/tuberculosis/learn-about-tuberculosis.html},
   note =         {[Online;Updated December 14, 2018]},
}
@misc{TBT:3,
 author =   {World Health Organization},
 title = {Global Tuberculosis 2018 Report},
 year = 2018,
 number = "WHO/CDS/TB/2018.25"
}

@article{NNMEEX:1,
author = {Jean Allard and Noureddine Atalla},
 title = {Automatic Segmentation of Liver Structure in CT Images Using a Neural Network},
 journal = "IEICE TRANSACTIONS on Fundamentals of Electronics, Communications, and Computer Sciences",
 year      =  1994,
 pages = {892â€“1895},
 volume= "E77-A",
 number= "11"
}

@article{NNMEEX:2,
author = "Hasegawa A and Lo SCB and Lin JS and Freedman MT and Mun SK",
 title = {A Shift-Invariant Neural Network for the Lung Field Segmentation in Chest Radiography},
 journal = "A Shift-Invariant Neural Network for the Lung Field Segmentation in Chest Radiography",
 year  =  1998,
 pages = {241-250},
 volume= "18",
 number= "3"
}

@article{NNMEEX:3,
author = "Ozkan Mehmed and Dawant Benoit M and Margolin Robert",
 title = {Neural- Network-Based Segmentation of Multi-Modal Medical Images: A Comparative and Prospective Study},
 journal = "IEEE Transactions on Medical Imaging",
 year  =  1993,
 pages = {534-544},
 volume= "12",
 number= "3"
}

@article{NNMEEX:4,
author = "Koss John E and Newman FD and Johnson TK and Kirch DL",
 title = {Abdominal Organ Segmentation Using Texture Transforms and a Hopfield Neural Network},
 journal = "IEEE Transactions on Medical Imaging",
 year  =  1999,
 pages = {640-648},
 volume= "18",
 number= "7"
}

@article{NNMEEX:5,
author = "Reddick WE and Glass JO and Cook EN and et al",
title = "Automated segmentation and classification of multispectral magnetic resonance images of brain using artificial neural networks",
journal = "IEEE Trans Med Imaging",
year =1997,
volume ="16",
number ="6"
}

