@Inproceedings{ImageCLEFTB2018,
author = {Dicente Cid, Yashin and Liauchuk, Vitali and Kovalev, Vassili and and M\"uller, Henning},
title = {Overview of {ImageCLEFtuberculosis} 2018 - Detecting multi-drug resistance, classifying tuberculosis type, and assessing severity score},
booktitle = {CLEF2018 Working Notes},
series = {{CEUR} Workshop Proceedings},
year = {2018},
volume = {},
publisher = {CEUR-WS.org $<$http://ceur-ws.org$>$},
pages = {},
month = {September 10-14},
address = {Avignon, France}
}

@inproceedings{ImageCLEF18,
author = {Bogdan Ionescu and Henning M\"uller and Mauricio Villegas and Alba Garc\'ia Seco de Herrera and Carsten Eickhoff and Vincent Andrearczyk and Yashin Dicente Cid and Vitali Liauchuk and Vassili Kovalev and Sadid A. Hasan and Yuan Ling and Oladimeji Farri and Joey Liu and Matthew Lungren and Duc-Tien Dang-Nguyen and Luca Piras and Michael Riegler and Liting Zhou and Mathias Lux and Cathal Gurrin},
title = {{Overview of ImageCLEF 2018}: Challenges, Datasets and Evaluation},
booktitle = {Experimental IR Meets Multilinguality, Multimodality, and Interaction},
series = {Proceedings of the Ninth International Conference of the CLEF Association (CLEF 2018)},
year = {2018},
volume = {},
publisher = {{LNCS} Lecture Notes in Computer Science, Springer},
pages = {},
month = {September 10-14},
address = {Avignon, France}
}

@inproceedings{sgeast17,
  author    = {Jiamei Sun and
               Penny Chong and
               Yi Xiang Marcus Tan and
               Alexander Binder},
  title     = {ImageCLEF 2017: ImageCLEF Tuberculosis Task - the SGEast Submission},
  booktitle = {Working Notes of {CLEF} 2017 - Conference and Labs of the Evaluation
               Forum, Dublin, Ireland, September 11-14, 2017.},
  year      = {2017},
  url       = {http://ceur-ws.org/Vol-1866/paper\_130.pdf},
}

@article{hamadi14,
  author    = {Abdelkader Hamadi and
               Philippe Mulhem and
               Georges Qu{\'{e}}not},
  title     = {Extended conceptual feedback for semantic multimedia indexing},
  journal   = {Multimedia Tools Appl.},
  volume    = {74},
  number    = {4},
  pages     = {1225--1248},
  year      = {2015},
  url       = {https://doi.org/10.1007/s11042-014-1937-y},
  doi       = {10.1007/s11042-014-1937-y}
}

@Inproceedings{ImageCLEFTB2017,
author = {Dicente Cid, Yashin and Kalinovsky, Alexander and Liauchuk, Vitali and Kovalev, Vassili and and M\"uller, Henning},
title = {Overview of {ImageCLEFtuberculosis} 2017 - Predicting Tuberculosis Type and Drug Resistances},
booktitle = {CLEF2017 Working Notes},
series = {{CEUR} Workshop Proceedings},
year = {2017},
volume = {},
publisher = {CEUR-WS.org $<$http://ceur-ws.org$>$},
pages = {},
month = {September 11-14},
address = {Dublin, Ireland},
}

@article{weka, 
  author = {Mark Hall and Eibe Frank and Geoffrey Holmes and Bernhard Pfahringer and Peter Reutemann and Ian H. Witten}, 
  title = {The {WEKA} data mining software: an update}, 
  journal = {SIGKDD Explorations}, 
  volume = 11, 
  number = 1, 
  year = 2009, 
  pages = {10-18} 
} 
@article{caffe2014,
  Author = {Jia, Yangqing and Shelhamer, Evan and Donahue, Jeff and Karayev, Sergey and Long, Jonathan and Girshick, Ross and Guadarrama, Sergio and Darrell, Trevor},
  Journal = {arXiv preprint arXiv:1408.5093},
  Title = {Caffe: Convolutional Architecture for Fast Feature Embedding},
  Year = {2014}
}
@misc{med2image,
  title =  {med2image: https://github.com/FNNDSC/med2image. {L}ast check: 30/05/2018.} 
}

@misc{anouargit,
  title =  {Resnet-50 and LungNet for Tuberculosis Severity Scoring. Mostaganem University at ImageClEFmed 2019 : tools to run experiments.},
  howpublished={\url{https://github.com/anouar1991/imageCLEFfsei/tree/master/tools/application}}
}





@misc{sgeastModele,
  title =  {Sgeast model for ImageClef 2017 Tubeculosis task : https://github.com/maizesix92/ImageCLEF2017\_TB\_SGEast. {L}ast check: 30/05/2018.} 
}

@article{resnet50,
	author = {Kaiming He and Xiangyu Zhang and Shaoqing Ren and Jian Sun},
	title = {Deep Residual Learning for Image Recognition},
	journal = {arXiv preprint arXiv:1512.03385},
	year = {2015}
}

@inproceedings{HamadiY18,
  author    = {Abdelkader Hamadi and
               Djamel Eddine Yagoub},
  title     = {ImageCLEF 2018: Semantic Descriptors for Tuberculosis {CT} Image Classification},
  booktitle = {Working Notes of {CLEF} 2018 - Conference and Labs of the Evaluation
               Forum, Avignon, France, September 10-14, 2018.},
  year      = {2018},
  url       = {http://ceur-ws.org/Vol-2125/paper\_82.pdf},
  timestamp = {Wed, 08 Aug 2018 14:42:35 +0200},
  biburl    = {https://dblp.org/rec/bib/conf/clef/HamadiY18},
  bibsource = {dblp computer science bibliography, https://dblp.org}
}

@article{lstm1997,
  added-at = {2016-11-15T08:49:43.000+0100},
  author = {Hochreiter, Sepp and Schmidhuber, J{\"u}rgen},
  biburl = {https://www.bibsonomy.org/bibtex/2a4a80026d24955b267cae636aa8abe4a/dallmann},
  interhash = {0692b471c4b9ae65d00affebc09fb467},
  intrahash = {a4a80026d24955b267cae636aa8abe4a},
  journal = {Neural computation},
  keywords = {lstm rnn},
  number = 8,
  pages = {1735--1780},
  publisher = {MIT Press},
  timestamp = {2016-11-15T08:49:43.000+0100},
  title = {Long short-term memory},
  volume = 9,
  year = 1997
}

@misc{keras2015,
  title={Keras},
  author={Chollet, Fran\c{c}ois and others},
  year={2015},
  publisher={GitHub},
  howpublished={\url{https://github.com/fchollet/keras}},
}
@misc{tensorflow2015,
title={{TensorFlow}: Large-Scale Machine Learning on Heterogeneous Systems},
url={http://tensorflow.org/},
note={Software available from tensorflow.org},
author={Mart\'{\i}n~Abadi and
    Ashish~Agarwal and
    Paul~Barham and
    Eugene~Brevdo and
    Zhifeng~Chen and
    Craig~Citro and
    Greg~S.~Corrado and
    Andy~Davis and
    Jeffrey~Dean and
    Matthieu~Devin and
    Sanjay~Ghemawat and
    Ian~Goodfellow and
    Andrew~Harp and
    Geoffrey~Irving and
    Michael~Isard and
    Yangqing Jia and
    Rafal~Jozefowicz and
    Lukasz~Kaiser and
    Manjunath~Kudlur and
    Josh~Levenberg and
    Dan~Man\'{e} and
    Rajat~Monga and
    Sherry~Moore and
    Derek~Murray and
    Chris~Olah and
    Mike~Schuster and
    Jonathon~Shlens and
    Benoit~Steiner and
    Ilya~Sutskever and
    Kunal~Talwar and
    Paul~Tucker and
    Vincent~Vanhoucke and
    Vijay~Vasudevan and
    Fernanda~Vi\'{e}gas and
    Oriol~Vinyals and
    Pete~Warden and
    Martin~Wattenberg and
    Martin~Wicke and
    Yuan~Yu and
    Xiaoqiang~Zheng},
  year={2015},
}

@article{scikit-learn,
 title={Scikit-learn: Machine Learning in {P}ython},
 author={Pedregosa, F. and Varoquaux, G. and Gramfort, A. and Michel, V.
         and Thirion, B. and Grisel, O. and Blondel, M. and Prettenhofer, P.
         and Weiss, R. and Dubourg, V. and Vanderplas, J. and Passos, A. and
         Cournapeau, D. and Brucher, M. and Perrot, M. and Duchesnay, E.},
 journal={Journal of Machine Learning Research},
 volume={12},
 pages={2825--2830},
 year={2011}
}


@Inproceedings{ImageCLEFTBoverview2019,

    author = {Dicente Cid, Yashin and Liauchuk, Vitali and Klimuk, Dzmitri and Tarasau, Aleh and Kovalev, Vassili and M\"uller, Henning},
    title = {Overview of {ImageCLEFtuberculosis} 2019 - Automatic CT-based Report Generation and Tuberculosis Severity Assessment},
    booktitle = {CLEF2019 Working Notes},
    series = {{CEUR} Workshop Proceedings},
    year = {2019},
    volume = {},
    publisher = {CEUR-WS.org $<$http://ceur-ws.org$>$},
    pages = {},
    month = {September 9-12},
    address = {Lugano, Switzerland}
    } 

@inproceedings{ImageCLEF19,

    author = {Bogdan Ionescu and Henning M\"uller and Renaud P\'{e}teri and Yashin Dicente Cid and Vitali Liauchuk and Vassili Kovalev and Dzmitri Klimuk and Aleh Tarasau and Asma Ben Abacha and Sadid A. Hasan and Vivek Datla and Joey Liu and Dina Demner-Fushman and Duc-Tien Dang-Nguyen and Luca Piras and Michael Riegler and Minh-Triet Tran and Mathias Lux and Cathal Gurrin and Obioma Pelka and Christoph M. Friedrich and Alba Garc\'ia Seco de Herrera and Narciso Garcia and Ergina Kavallieratou and Carlos Roberto del Blanco and Carlos Cuevas Rodr\'{i}guez and Nikos Vasillopoulos and Konstantinos Karampidis and Jon Chamberlain and Adrian Clark and Antonio Campello},
    title = {{ImageCLEF 2019}: Multimedia Retrieval in Medicine, Lifelogging, Security and Nature},
    booktitle = {Experimental IR Meets Multilinguality, Multimodality, and Interaction},
    series = {Proceedings of the 10th International Conference of the CLEF Association (CLEF 2019)},
    year = {2019},
    volume = {},
    publisher = {{LNCS} Lecture Notes in Computer Science, Springer},
    pages = {},
    month = {September 9-12},
    address = {Lugano, Switzerland}
    } 

